@Book{Matloff2011,
  author    = {Matloff, Norman},
  publisher = {no starch press},
  title     = {The art of {R} programming},
  year      = {2011},
  address   = {San Francisco},
  timestamp = {2021-02-12},
}

@Book{Wickham2017,
  author           = {Wickham, Hadley and Grolemund, Garrett},
  publisher        = {O'Reilly},
  title            = {R for Data Science},
  year             = {2017},
  address          = {Sebastopol, CA},
  creationdate     = {2022-01-27T21:07:35},
  modificationdate = {2022-01-27T21:09:30},
  timestamp        = {2022-01-27},
  url              = {https://r4ds.had.co.nz/},
}

@Book{Wickham2019,
  author           = {Wickham, Hadley},
  publisher        = {CRC Press},
  title            = {Advanced {R}},
  year             = {2019},
  address          = {Boca Raton, FL},
  creationdate     = {2022-01-27T21:42:43},
  modificationdate = {2022-01-27T21:44:30},
  timestamp        = {2022-01-27},
  url              = {https://adv-r.hadley.nz/index.html},
}

@Book{Davies2016,
  author    = {Davies, Tilman M.},
  publisher = {No Starch Press},
  title     = {The Book of {R}},
  year      = {2016},
  address   = {San Francisco, CA},
}

@Book{Crawley2013,
  author    = {Crawley, Michael J.},
  publisher = {John Wiley \& Sons},
  title     = {The {R} Book},
  year      = {2013},
  address   = {Chichester, UK},
}

@Book{Zinsser2006,
  author    = {Zinsser, William},
  publisher = {HarperCollins},
  title     = {On Writing Well: The Classic Guide to Writing Nonfiction},
  year      = {2006},
  address   = {New York},
  isbn      = {141775057X},
  timestamp = {2022-03-07},
}

@Book{Pinker2014,
  author    = {Pinker, Steven},
  publisher = {Viking},
  title     = {The sense of style: the thinking person's guide to writing in the 21st century},
  year      = {2014},
  address   = {New York, New York},
  isbn      = {1846145503},
}

@Book{Gastel2022,
  author    = {Gastel, Barbara and Day, Robert A},
  publisher = {Greenwood},
  title     = {How to write and publish a scientific paper},
  year      = {2022},
  address   = {Santa Barbara, CA},
  isbn      = {1440878846},
  timestamp = {2022-03-07},
}

@Book{Mack2018,
  author    = {Mack, Chris A.},
  publisher = {SPIE},
  title     = {How to Write a Good Scientific Paper},
  year      = {2018},
  timestamp = {2022-03-07},
  url       = {https://spie.org/Publications/Book/2317706?SSO=1},
}

@Book{Williams1990,
  author    = {Williams, Joseph M.},
  publisher = {University of Chicago Press},
  title     = {Style: toward clarity and grace},
  year      = {1990},
  address   = {Chicago},
  isbn      = {0226899144},
  timestamp = {2022-03-07},
}

@Comment{jabref-meta: databaseType:bibtex;}
